@string{allerton	= {Allerton Conf.\ Commun. Control\ Comput.\ (Allerton)}}
@string{ieeetac 	= {IEEE Trans.\ Autom.\ Control}}
@string{ieeetob 	= {IEEE Trans.\ Broadcast.}}
@string{ieeeicc		= {IEEE Int.\ Conf.\ Commun.\ (ICC)}}
@string{ieeetcom 	= {IEEE Trans.\ Commun.}}
@string{ieeecl 		= {IEEE Commun.\ Lett.}}
@string{ieeecm	= {IEEE Commun.\ Mag.}}
@string{ieeejsac 	= {IEEE J.\ Sel.\ Areas Commun.}}
@string{ieeeinfocom = {IEEE Int.\ Conf.\ Comp.\ Commun.\ (INFOCOM)}}
@string{ieeetit 		= {IEEE Trans.\ Inf.\ Theory}}
@string{ieeeisit 	= {IEEE Inter.\ Symp.\ Inf.\ Theory\ (ISIT)}}
@string{ita		= {Inf.\ Theory\ App.\ Workshop (ITA)}}
@string{ieeetmc 	= {IEEE Trans.\ Mobile Comput.}}
@string{ieeetnet 	= {IEEE/ACM Trans.\ Netw.}}
@string{ieeesecon	= {IEEE Com.\ Soc.\ Conf.\ Sens.\ Mesh and Ad Hoc Commun.\ and Net.\ (SECON)}}
@string{ciss		= {Conf.\ Inf.\ Sci.\ Sys.\ (CISS)}}
@string{ieeespm 	= {IEEE Signal Process.\ Mag.}}
@string{ieeetsp 	= {IEEE Trans.\ Signal Process.}}
@string{ieeetvt 	= {IEEE Trans.\ Veh.\ Technol.}}
@string{ieeetwcom 	= {IEEE Trans.\ Wireless Commun.}}
@string{ieeewcnc 	= {IEEE Wireless Commun.\ Netw.\ Commun.\ Conf.\ (WCNC)}}
@string{ieeewc 	= {IEEE Wireless Commun.\ Mag.}}
@string{qs = {Queueing Systems}}



@inproceedings{palatucci2009zero,
	title={Zero-shot learning with semantic output codes},
	author={Palatucci, Mark and Pomerleau, Dean and Hinton, Geoffrey E and Mitchell, Tom M},
	booktitle={Advances in neural information processing systems},
	pages={1410--1418},
	year={2009}
}
@inproceedings{Socher2013zero,
	title={Zero-shot learning through cross-modal transfer},
	author={Socher, Richard and Ganjoo, Milind and Manning, Christopher D and Ng, Andrew},
	booktitle={Advances in neural information processing systems},
	pages={935--943},
	year={2013}
}

@inproceedings{lake2011one,
	title={One shot learning of simple visual concepts},
	author={Lake, Brenden and Salakhutdinov, Ruslan and Gross, Jason and Tenenbaum, Joshua},
	booktitle={Proceedings of the Annual Meeting of the Cognitive Science Society},
	year={2011}
}
@inproceedings{wang2016relational,
	title={Relational Knowledge Transfer for Zero-Shot Learning.},
	author={Wang, Donghui and Li, Yanan and Lin, Yuetan and Zhuang, Yueting},
	booktitle={AAAI},
	volume={2},
	pages={7},
	year={2016}
}
@inproceedings{socher2013zero,
	title={Zero-shot learning through cross-modal transfer},
	author={Socher, Richard and Ganjoo, Milind and Manning, Christopher D and Ng, Andrew},
	booktitle={NIPS},
	year={2013}
}
@inproceedings{frome2013devise,
	title={Devise: A deep visual-semantic embedding model},
	author={Frome, Andrea and Corrado, Greg S and Shlens, Jon and Bengio, Samy and Dean, Jeff and Mikolov, Tomas and others},
	booktitle={NIPS},
	pages={2121--2129},
	year={2013}
}

@article{scott2016CVPR,
	author    = {Scott E. Reed and
	Zeynep Akata and
	Bernt Schiele and
	Honglak Lee},
	title     = {Learning Deep Representations of Fine-grained Visual Descriptions},
	journal   = {CoRR},
	volume    = {abs/1605.05395},
	year      = {2016},
	url       = {http://arxiv.org/abs/1605.05395},
	archivePrefix = {arXiv},
	eprint    = {1605.05395},
	timestamp = {Mon, 13 Aug 2018 16:47:30 +0200},
	biburl    = {https://dblp.org/rec/bib/journals/corr/ReedASL16},
	bibsource = {dblp computer science bibliography, https://dblp.org}
}




